<collection xmlns="http://www.loc.gov/MARC21/slim">
<record>
  <leader>01031nam0a22002051i 450 </leader>
  <controlfield tag="001">IT\ICCU\CNCE\053254</controlfield>
  <controlfield tag="005">20080509000000.0</controlfield>
  <datafield tag="012" ind1=" " ind2=" ">
    <subfield code="a">o-ei ami- iasa vnor (C) 1595 (R)</subfield>
    <subfield code="2">fei</subfield>
  </datafield>
  <datafield tag="100" ind1=" " ind2=" ">
    <subfield code="a">20021010d1595        0itac0103    ba</subfield>
  </datafield>
  <datafield tag="101" ind1=" " ind2=" ">
    <subfield code="a">ITA</subfield>
  </datafield>
  <datafield tag="102" ind1=" " ind2=" ">
    <subfield code="a">IT</subfield>
  </datafield>
  <datafield tag="200" ind1="1" ind2=" ">
    <subfield code="a">Breue dichiaratione di alcune cose intorno la materia delle s. indulgenze. Cio ̈che cosa siano, &amp; onde si cauano. Che cosa siano stationi, giubileo, indulgenza plenaria, una terza, o quarta parte de peccati, una quarantena, penitenze ingiunte, &amp; altre cose degne di consideratione. Raccolte per il r.p.m. Giulio da Monte Rubiano, curato in Santi Apostoli</subfield>
  </datafield>
  <datafield tag="210" ind1=" " ind2=" ">
    <subfield code="a">In Bergamo</subfield>
    <subfield code="c">per Comin Ventura</subfield>
    <subfield code="d">1595</subfield>
  </datafield>
  <datafield tag="215" ind1=" " ind2=" ">
    <subfield code="a">9, \3! c.</subfield>
    <subfield code="d">12ʻ</subfield>
  </datafield>
  <datafield tag="620" ind1=" " ind2=" ">
    <subfield code="a">IT</subfield>
    <subfield code="d">Bergamo</subfield>
  </datafield>
  <datafield tag="700" ind1=" " ind2="0">
    <subfield code="a">Giulio</subfield>
    <subfield code="c"> : da#Monterubbiano</subfield>
    <subfield code="3">IT\ICCU\CNCA\003219</subfield>
  </datafield>
  <datafield tag="712" ind1="0" ind2="0">
    <subfield code="a">Ventura, Comino</subfield>
    <subfield code="3">IT\ICCU\CNCT\000028</subfield>
    <subfield code="4">650</subfield>
  </datafield>
  <datafield tag="790" ind1=" " ind2="1">
    <subfield code="a">Monterubbiano,</subfield>
    <subfield code="b">Giulio : da</subfield>
    <subfield code="3">IT\ICCU\CNCA\014214</subfield>
    <subfield code="z">Giulio : da#Monterubbiano</subfield>
  </datafield>
  <datafield tag="801" ind1=" " ind2="3">
    <subfield code="a">IT</subfield>
    <subfield code="b">ICCU</subfield>
    <subfield code="c">20201115</subfield>
  </datafield>
  <datafield tag="899" ind1=" " ind2=" ">
    <subfield code="a">Biblioteca civica A. Mai. Bergamo</subfield>
    <subfield code="1">BG0026</subfield>
    <subfield code="2">LO1 02</subfield>
  </datafield>
</record>
</collection>
